<?xml version="1.0" encoding="UTF-8"?><record xmlns="http://www.loc.gov/MARC21/slim" xmlns:cinclude="http://apache.org/cocoon/include/1.0" xmlns:zs="http://www.loc.gov/zing/srw/">
  <leader>00488cz  a2200133n  4500</leader>
  <controlfield tag="001">n  86014254 </controlfield>
  <controlfield tag="003">DLC</controlfield>
  <controlfield tag="005">20080413075137.0</controlfield>
  <controlfield tag="008">870706n| acannaabn          |n aaa      </controlfield>
  <datafield tag="010" ind1=" " ind2=" ">
    <subfield code="a">n  86014254 </subfield>
  </datafield>
  <datafield tag="035" ind1=" " ind2=" ">
    <subfield code="a">(OCoLC)oca01889718</subfield>
  </datafield>
  <datafield tag="040" ind1=" " ind2=" ">
    <subfield code="a">DNLM</subfield>
    <subfield code="b">eng</subfield>
    <subfield code="c">DLC</subfield>
    <subfield code="d">OCoLC</subfield>
  </datafield>
  <datafield tag="100" ind1="1" ind2=" ">
    <subfield code="a">Unger, Eberhard</subfield>
  </datafield>
  <datafield tag="670" ind1=" " ind2=" ">
    <subfield code="a">Surface receptors and cell function, 1986:</subfield>
    <subfield code="b">t.p. (Dr. sc. nat. Eberhard Unger; Zentralinstitut fuĚr Mikrobiologie und experimentelle Therapie Jena der Akademie der Wissenschaften der DDR)</subfield>
  </datafield>
</record>